@inproceedings{ng2000algorithms,
  title={Algorithms for inverse reinforcement learning.},
  author={Ng, Andrew Y and Russell, Stuart J and others},
  booktitle={International Conference on Machine Learning},
  pages = {663--670},
  year={2000},
  url={https://ai.stanford.edu/~ang/papers/icml00-irl.pdf}
}
